@article{paper2022,
	Author = {Author's surname, Author's first name and Second author's surname, Second author's first name},
	Journal = {A Journal},
	Number = {1},
	Pages = {1-20},
	Title = {A Title},
	Volume = {3},
	Year = {2022}}